@article{chen2023adaptive,
  title={Adaptive Learning Systems Using Transformer Models for Personalized Quiz Generation},
  author={Chen, L. and Wang, M. and Liu, S.},
  journal={IEEE Transactions on Learning Technologies},
  volume={16},
  number={3},
  pages={245--258},
  year={2023},
  publisher={IEEE}
}

@article{kumar2022intelligent,
  title={Intelligent Tutoring Systems with Machine Learning-Based Performance Analysis},
  author={Kumar, R. and Patel, A.},
  journal={Computers \& Education},
  volume={189},
  pages={104--117},
  year={2022},
  publisher={Elsevier}
}

@article{brown2020language,
  title={Language Models are Few-Shot Learners},
  author={Brown, Tom and Mann, Benjamin and Ryder, Nick and Subbiah, Melanie and Kaplan, Jared D and Dhariwal, Prafulla and Neelakantan, Arvind and Shyam, Pranav and Sastry, Girish and Askell, Amanda and others},
  journal={Advances in Neural Information Processing Systems},
  volume={33},
  pages={1877--1901},
  year={2020}
}

@article{zhao2023chatgpt,
  title={ChatGPT for Education: Opportunities, Challenges and Future Directions},
  author={Zhao, Y. and Zhang, J. and Li, K.},
  journal={Educational Technology Research and Development},
  volume={71},
  number={4},
  pages={1--24},
  year={2023},
  publisher={Springer}
}

@article{team2023gemini,
  title={Gemini: A Family of Highly Capable Multimodal Models},
  author={Gemini Team},
  journal={arXiv preprint arXiv:2312.11805},
  year={2023}
}

@article{touvron2023llama,
  title={Llama 2: Open Foundation and Fine-Tuned Chat Models},
  author={Touvron, Hugo and Martin, Louis and Stone, Kevin and Albert, Peter and Almahairi, Amjad and Babaei, Yasmine and Bashlykov, Nikolay and Batra, Soumya and Bhargava, Prajjwal and Bhosale, Shruti and others},
  journal={arXiv preprint arXiv:2307.09288},
  year={2023}
}

@article{li2021automated,
  title={Automated Key Concept Extraction from Academic Papers Using Natural Language Processing},
  author={Li, X. and Chen, Y. and Wang, Z.},
  journal={Journal of Educational Data Mining},
  volume={13},
  number={2},
  pages={78--95},
  year={2021}
}

@article{wang2023multimodal,
  title={Multimodal Document Understanding: Combining Text and Visual Elements for Comprehensive Analysis},
  author={Wang, H. and Zhang, L. and Chen, M.},
  journal={ACM Transactions on Information Systems},
  volume={41},
  number={3},
  pages={1--28},
  year={2023},
  publisher={ACM}
}

@article{anderson2023personalized,
  title={Personalized Learning Platforms: Adaptive Content Delivery Based on Student Performance},
  author={Anderson, J. and Miller, S. and Thompson, R.},
  journal={British Journal of Educational Technology},
  volume={54},
  number={2},
  pages={412--429},
  year={2023},
  publisher={Wiley}
}

@article{garcia2022nlp,
  title={Natural Language Processing in Educational Technology: A Comprehensive Survey},
  author={García, M. and Rodriguez, P. and Fernández, A.},
  journal={Artificial Intelligence Review},
  volume={55},
  number={6},
  pages={4789--4825},
  year={2022},
  publisher={Springer}
}

@article{smith2023educational,
  title={Educational Data Mining: Techniques and Applications for Improved Learning Outcomes},
  author={Smith, D. and Johnson, K. and Williams, L.},
  journal={IEEE Transactions on Education},
  volume={66},
  number={4},
  pages={298--312},
  year={2023},
  publisher={IEEE}
}

@article{taylor2022web,
  title={Modern Web Application Architecture: Best Practices for Educational Platforms},
  author={Taylor, R. and Davis, M. and Wilson, J.},
  journal={ACM Computing Surveys},
  volume={54},
  number={8},
  pages={1--35},
  year={2022},
  publisher={ACM}
} 